@online{AUG,
    title = {What is image augmentation and how it can improve the performance of deep neural networks},
    author= {Albumentations AI},
    year  = {2024},
    url = {https://albumentations.ai/docs/introduction/image_augmentation/},
    note = {\texttt{https://albumentations.ai/docs/introduction/image/_augmentation/} (Last Accessed: 2023-03-20)}
}

